@misc{brownlee_2023, 
  title={PyTorch Tutorial: How to Develop Deep Learning Models with Python - MachineLearningMastery.com}, 
  url={https://machinelearningmastery.com/pytorch-tutorial-develop-deep-learning-models/},
  journal={MachineLearningMastery.com}, 
  author={Brownlee, Jason}, 
  year={2023}, 
  month={Apr}
}

@misc{web:IBM:NN,
  author = {IBM},
  title = {What are Neural Networks},
  year = {2024},
  note = {Accessed 7 Febuary 2024},
  url = {https://www.ibm.com/topics/neural-networks}
}
@inbook{book:AIModernApp,
  title={Artificial Intelligence, A Modern Approach},
  edition={3rd},
  author={Stuart Russel and Peter Norvig},
  year={2010},
  publisher={Pearson Education},
  address={New Jersey},
  chapter={18}
}

@inbook{inbook:Aggarwal-1.2,
author = {Aggarwal, Charu C.},
title = {Neural Networks and Deep Learning: A Textbook},
year = {2018},
isbn = {3319944622},
publisher = {Springer Publishing Company, Incorporated},
edition = {1st},
chapter={1.2}
}
@inbook{inbook:Aggarwal-3.2,
author = {Aggarwal, Charu C.},
title = {Neural Networks and Deep Learning: A Textbook},
year = {2018},
isbn = {3319944622},
publisher = {Springer Publishing Company, Incorporated},
edition = {1st},
chapter={3.2}
}
@inbook{inbook:Aggarwal-4.1,
author = {Aggarwal, Charu C.},
title = {Neural Networks and Deep Learning: A Textbook},
year = {2018},
isbn = {3319944622},
publisher = {Springer Publishing Company, Incorporated},
edition = {1st},
chapter={4.1}
}

@misc{ciampiconi2023survey,
      title={A survey and taxonomy of loss functions in machine learning}, 
      author={Lorenzo Ciampiconi and Adam Elwood and Marco Leonardi and Ashraf Mohamed and Alessandro Rozza},
      year={2023},
      eprint={2301.05579},
      archivePrefix={arXiv},
      primaryClass={cs.LG}
}
@MISC {layers,
      title = {what is a 'layer' in a neural network}, 
      author = {cdeterman},
      HOWPUBLISHED = {Stack Overflow}, 
      url = {https://stackoverflow.com/questions/35345191/what-is-a-layer-in-a-neural-network/35347548#35347548} 
}
@misc{jagtap2022important,
      title={How important are activation functions in regression and classification? A survey, performance comparison, and future directions}, 
      author={Ameya D. Jagtap and George Em Karniadakis},
      year={2022},
      eprint={2209.02681},
      archivePrefix={arXiv},
      primaryClass={cs.LG}
}

@inbook{Hagan_Martin,
title={Neural Network Design (2nd Edition)},
author={Hagan, Martin T and Demuth, Howard B and Beale, Mark H and Orlando, De, Jes√∫s},
publisher={Martin Hagan},
year={2014},
isbn={978-0971732117},
url={https://hagan.okstate.edu/NNDesign.pdf},
chapter={4 Perceptron Learning Rule}
}

@MISC{overfitting-img,
    author = {{Wikipedia, the free encyclopedia}},
    title = {Overfitting},
    note = {[Online; accessed April 30, 2024]},
    url = {https://en.wikipedia.org/wiki/Overfitting}
}
@book{Goodfellow-et-al-2016,
    title={Deep Learning},
    author={Ian Goodfellow and Yoshua Bengio and Aaron Courville},
    publisher={MIT Press},
    note={\url{http://www.deeplearningbook.org}},
    year={2016}
}
@book{burnham2002model,
  author = {Burnham, K.P. and Anderson, D.R.},
  publisher = {Springer Verlag},
  title = {Model selection and multimodel inference: a practical information-theoretic approach},
  year = 2002
}

@book{brownlee2016master,
  title={Master Machine Learning Algorithms: Discover How They Work and Implement Them From Scratch},
  author={Brownlee, J.},
  url={https://books.google.ca/books?id=PdZBnQAACAAJ},
  year={2016},
  publisher={Machine Learning Mastery}
}

@MISC{capacity-Brownlee,
title={How to Control Neural Network Model Capacity With Nodes and Layers},
author={Jason Brownlee},
note={[Online; accessed April 30, 2024]},
url={https://machinelearningmastery.com/how-to-control-neural-network-model-capacity-with-nodes-and-layers/},
year=2020,
}

@MISC{capacity-Kowalik,
title={Capacities of Quantum Neural Networks, Part 1},
author={Kowalik, Marek},
note={[Online; accessed May 2, 2024]},
url={https://medium.com/@marekkowalik97/capacities-of-quantum-neural-networks-part-1-1a731f44be0},year=2023
}
@misc{WeightsBias,
  title={Weights and Biases},
  author={AI-Wiki},
  url={https://machine-learning.paperspace.com/wiki/weights-and-biases}, 
  note = {[Online; accessed April 30, 2024]}
  }
@misc{GuideML,
title={A guide to the types of machine learning algorithms and their applications},
author={Katrina Wakefield},
publisher={SAS},
note = {[Online; accessed May 5, 2024]},
url={https://www.sas.com/en_gb/insights/articles/analytics/machine-learning-algorithms.html}
}

@book{MurphyML,
 author = "Kevin P. Murphy",
 title = "Machine Learning: A Probabilistic Perspective",
 publisher = "MIT Press",
 year = 2012,
 url = "https://probml.github.io/pml-book/book0.html"
}
@misc{Vasani_2019, title={This thing called weight decay}, url={https://towardsdatascience.com/this-thing-called-weight-decay-a7cd4bcfccab}, journal={Medium}, publisher={Towards Data Science}, author={Vasani, Dipam}, year={2019}, month={Nov}}
@misc{andriushchenko2023need,
      title={Why Do We Need Weight Decay in Modern Deep Learning?}, 
      author={Maksym Andriushchenko and Francesco D'Angelo and Aditya Varre and Nicolas Flammarion},
      year={2023},
      eprint={2310.04415},
      archivePrefix={arXiv},
      primaryClass={cs.LG}
}

@book{Kuhn_13,
  author = {Kuhn, Max and Johnson, Kjell},
  isbn = {978-1-4614-6848-6},
  publisher = {Springer},
  title = {Applied Predictive Modeling},
  year = 2013
}
@article{JMLR:v15:srivastava14a,
  author  = {Nitish Srivastava and Geoffrey Hinton and Alex Krizhevsky and Ilya Sutskever and Ruslan Salakhutdinov},
  title   = {Dropout: A Simple Way to Prevent Neural Networks from Overfitting},
  journal = {Journal of Machine Learning Research},
  year    = {2014},
  volume  = {15},
  number  = {56},
  pages   = {1929--1958},
  url     = {http://jmlr.org/papers/v15/srivastava14a.html}
}
